<record><leader>00000cas a22000007a 4500</leader><controlfield tag="001">13474813</controlfield><controlfield tag="008">860422d18461859wvuwr ne      0    0eng d</controlfield><datafield ind1=" " ind2=" " tag="010"><subfield code="a">sn 86092489 </subfield></datafield><datafield ind1=" " ind2=" " tag="040"><subfield code="a">WVC</subfield><subfield code="b">eng</subfield><subfield code="c">WVC</subfield><subfield code="d">NPX</subfield><subfield code="d">WVC</subfield><subfield code="d">DLC</subfield><subfield code="d">OCL</subfield><subfield code="d">OCLCQ</subfield></datafield><datafield ind1=" " ind2=" " tag="042"><subfield code="a">msc</subfield></datafield><datafield ind1="0" ind2=" " tag="130"><subfield code="a">Wheeling gazette (Wheeling, Va. : 1846)</subfield></datafield><datafield ind1="1" ind2="0" tag="245"><subfield code="a">Wheeling gazette.</subfield></datafield><datafield ind1="1" ind2="7" tag="246"><subfield code="a">Wheeling gazette and daily times</subfield></datafield><datafield ind1=" " ind2=" " tag="260"><subfield code="a">Wheeling, Va. [W. Va. :</subfield><subfield code="b">s.n.]</subfield></datafield><datafield ind1=" " ind2=" " tag="300"><subfield code="a">v. ;</subfield><subfield code="c">64 cm.</subfield></datafield><datafield ind1=" " ind2=" " tag="310"><subfield code="a">Weekly</subfield></datafield><datafield ind1="1" ind2=" " tag="362"><subfield code="a">Began in 1846; ceased in 1859?</subfield><subfield code="z">Cf. Norona and Shetler. W. Va. imprints.</subfield></datafield><datafield ind1=" " ind2=" " tag="500"><subfield code="a">Publisher: Bingham &amp; Armstrong, &lt;1858&gt;.</subfield></datafield><datafield ind1=" " ind2=" " tag="580"><subfield code="a">Issued also in daily eds.: Wheeling times and advertiser, and: Daily Wheeling gazette, and: Wheeling times and gazette, and: Daily Wheeling times and gazette, and: Daily Wheeling times.</subfield></datafield><datafield ind1=" " ind2=" " tag="588"><subfield code="a">Description based on: Vol. 29, no. 28 (July 9, 1857).</subfield></datafield><datafield ind1=" " ind2=" " tag="752"><subfield code="a">United States</subfield><subfield code="b">West Virginia</subfield><subfield code="c">Ohio</subfield><subfield code="d">Wheeling.</subfield></datafield><datafield ind1="1" ind2=" " tag="775"><subfield code="t">Wheeling times and advertiser</subfield><subfield code="w">(DLC)sn 84038585</subfield></datafield><datafield ind1="1" ind2=" " tag="775"><subfield code="t">Daily Wheeling gazette</subfield><subfield code="w">(DLC)sn 86092492</subfield></datafield><datafield ind1="1" ind2=" " tag="775"><subfield code="t">Wheeling times and gazette</subfield><subfield code="w">(DLC)sn 86092493</subfield></datafield><datafield ind1="1" ind2=" " tag="775"><subfield code="t">Daily Wheeling times and gazette</subfield><subfield code="w">(DLC)sn 84038591</subfield></datafield><datafield ind1="1" ind2=" " tag="775"><subfield code="t">Daily Wheeling times</subfield><subfield code="w">(DLC)sn 86092494</subfield></datafield><datafield ind1="0" ind2="0" tag="780"><subfield code="t">Western Virginia times</subfield><subfield code="w">(DLC)sn 86053013</subfield></datafield></record>